<?xml version="1.0" encoding="UTF-8"?><collection xmlns="http://www.loc.gov/MARC21/slim"><record><leader>00432nam--2200157-i-4500</leader><controlfield tag="001">000038919</controlfield><controlfield tag="002">20161230</controlfield><controlfield tag="005">20170111224013</controlfield><controlfield tag="008">060222s1000------------r-----000-0-eng-d</controlfield><datafield ind1=" " ind2=" " tag="100"><subfield code="a">Richards, James A</subfield></datafield><datafield ind1=" " ind2=" " tag="245"><subfield code="a">Modern univ. physics</subfield></datafield><datafield ind1=" " ind2=" " tag="260"><subfield code="a">Reading, Mass</subfield><subfield code="b">Addison-Wesley Publ.Co., Inc</subfield><subfield code="c">1960</subfield></datafield><datafield ind1=" " ind2=" " tag="300"><subfield code="a">XVI + 993 p. + Index</subfield></datafield><datafield ind1=" " ind2=" " tag="490"><subfield code="a">Addison-wesley Series In Physics</subfield></datafield><datafield ind1=" " ind2=" " tag="852"><subfield code="a">16265</subfield></datafield><datafield ind1=" " ind2=" " tag="CAT"><subfield code="a">SYS</subfield><subfield code="c">20170111</subfield><subfield code="h">224013</subfield></datafield></record></collection>